@manual{une27002,
  organization	="AENOR",
	title					="Tecnología de la Información. Técnicas de seguridad. 
									Código de buenas prácticas para la gestión de 
									la seguridad de la información",
  howpublished	= "UNE-ISO/IEC 27002:2009"
}

@manual{une27001,
  organization	="AENOR",
	title					="Tecnología de la información. Técnicas de seguridad. 
									Sistemas de Gestión de la Seguridad de la Información (SGSI). Requisitos.",
  howpublished  ="UNE-ISO/IEC 27001:2007"
}

@manual{une71501,
  organization	="AENOR",
	title					=	"Tecnología de la Información. Guía para la gestión de la seguridad de TI.",
  howpublished  = "UNE 71501:2001"
}

@manual{nist80050,
	organization ="National Institute of Standards and Technology, Technology Administration, U.S. Department of Commerce",
	title = "Building an Information Technology Security Awareness and Trining Program",
	howpublished  = "NIST Special Publication 800-50"
}

@manual{iso17799,
  organization	="UNE-ISO/IEC",
	title					=	"Tecnología de la Información. Código de buenas prácticas para la gestión de la seguridad de la información.",
  howpublished  = "ISO/IEC 17799:2000"
}

@electronic{BOJA:2010:103,
	organization  = "Junta de Andalucía",
	howpublished  = "BOJA, n. 103 del 28 de Mayo de 2010",
  title         = "Orden de 13 de mayo de 2010, por la que se aprueba el Reglamento de las Denominaciones de Origen «Jerez-Xérès-Sherry» y «Manzanilla de Sanlúcar de Barrameda», así como sus correspondientes pliegos de condiciones",
  url           = "http://www.juntadeandalucia.es/boja/boletines/2010/103/d/23.html",
  month					= "5",
  year          = "2010",
  key           = "BOJA"
}
